@misc{Keras,
	title = {{Module: tf.keras {$\vert$} TensorFlow Core v2.2.0}},
	journal = {TensorFlow},
	year = {2020},
	month = {May},
	note = {[Online; accessed 1. Jun. 2020]},
	url = {https://www.tensorflow.org/api_docs/python/tf/keras}
}

@misc{Pytorch,
	title = {{PyTorch}},
	year = {2020},
	month = {Jun},
	note = {[Online; accessed 1. Jun. 2020]},
	url = {https://pytorch.org}
}

@misc{leaderboards,
	title = {{Papers with Code - Image Classification}},
	year = {2020},
	month = {Jun},
	note = {[Online; accessed 3. Jun. 2020]},
	url = {https://paperswithcode.com/task/image-classification}
}

@misc{du-web,
	author = {Segvic, Sinisa},
	title = {{Duboko u{\ifmmode\check{c}\else\v{c}\fi}enje}},
	year = {2020},
	month = {Jun},
	note = {[Online; accessed 3. Jun. 2020]},
	url = {http://www.zemris.fer.hr/~ssegvic/du}
}

@article{youtube8m,
  author    = {Sami Abu{-}El{-}Haija and
               Nisarg Kothari and
               Joonseok Lee and
               Paul Natsev and
               George Toderici and
               Balakrishnan Varadarajan and
               Sudheendra Vijayanarasimhan},
  title     = {YouTube-8M: {A} Large-Scale Video Classification Benchmark},
  journal   = {CoRR},
  volume    = {abs/1609.08675},
  year      = {2016},
  url       = {http://arxiv.org/abs/1609.08675},
  archivePrefix = {arXiv},
  eprint    = {1609.08675},
  timestamp = {Mon, 13 Aug 2018 16:48:45 +0200},
  biburl    = {https://dblp.org/rec/journals/corr/Abu-El-HaijaKLN16.bib},
  bibsource = {dblp computer science bibliography, https://dblp.org}
}

@article{ucf101,
  author    = {Khurram Soomro and
               Amir Roshan Zamir and
               Mubarak Shah},
  title     = {{UCF101:} {A} Dataset of 101 Human Actions Classes From Videos in
               The Wild},
  journal   = {CoRR},
  volume    = {abs/1212.0402},
  year      = {2012},
  url       = {http://arxiv.org/abs/1212.0402},
  archivePrefix = {arXiv},
  eprint    = {1212.0402},
  timestamp = {Mon, 13 Aug 2018 16:47:45 +0200},
  biburl    = {https://dblp.org/rec/journals/corr/abs-1212-0402.bib},
  bibsource = {dblp computer science bibliography, https://dblp.org}
}

@article{kinetics,
  author    = {Will Kay and
               Jo{\~{a}}o Carreira and
               Karen Simonyan and
               Brian Zhang and
               Chloe Hillier and
               Sudheendra Vijayanarasimhan and
               Fabio Viola and
               Tim Green and
               Trevor Back and
               Paul Natsev and
               Mustafa Suleyman and
               Andrew Zisserman},
  title     = {The Kinetics Human Action Video Dataset},
  journal   = {CoRR},
  volume    = {abs/1705.06950},
  year      = {2017},
  url       = {http://arxiv.org/abs/1705.06950},
  archivePrefix = {arXiv},
  eprint    = {1705.06950},
  timestamp = {Mon, 13 Aug 2018 16:46:23 +0200},
  biburl    = {https://dblp.org/rec/journals/corr/KayCSZHVVGBNSZ17.bib},
  bibsource = {dblp computer science bibliography, https://dblp.org}
}

@article{rethinking,
  author    = {Kaiming He and
               Ross B. Girshick and
               Piotr Doll{\'{a}}r},
  title     = {Rethinking ImageNet Pre-training},
  journal   = {CoRR},
  volume    = {abs/1811.08883},
  year      = {2018},
  url       = {http://arxiv.org/abs/1811.08883},
  archivePrefix = {arXiv},
  eprint    = {1811.08883},
  timestamp = {Mon, 26 Nov 2018 12:52:45 +0100},
  biburl    = {https://dblp.org/rec/journals/corr/abs-1811-08883.bib},
  bibsource = {dblp computer science bibliography, https://dblp.org}
}

@article{resnet,
  author    = {Kaiming He and
               Xiangyu Zhang and
               Shaoqing Ren and
               Jian Sun},
  title     = {Deep Residual Learning for Image Recognition},
  journal   = {CoRR},
  volume    = {abs/1512.03385},
  year      = {2015},
  url       = {http://arxiv.org/abs/1512.03385},
  archivePrefix = {arXiv},
  eprint    = {1512.03385},
  timestamp = {Wed, 17 Apr 2019 17:23:45 +0200},
  biburl    = {https://dblp.org/rec/journals/corr/HeZRS15.bib},
  bibsource = {dblp computer science bibliography, https://dblp.org}
}

@article{densenet,
  author    = {Gao Huang and
               Zhuang Liu and
               Kilian Q. Weinberger},
  title     = {Densely Connected Convolutional Networks},
  journal   = {CoRR},
  volume    = {abs/1608.06993},
  year      = {2016},
  url       = {http://arxiv.org/abs/1608.06993},
  archivePrefix = {arXiv},
  eprint    = {1608.06993},
  timestamp = {Mon, 10 Sep 2018 15:49:32 +0200},
  biburl    = {https://dblp.org/rec/journals/corr/HuangLW16a.bib},
  bibsource = {dblp computer science bibliography, https://dblp.org}
}

@article{mobilenets,
  author    = {Andrew G. Howard and
               Menglong Zhu and
               Bo Chen and
               Dmitry Kalenichenko and
               Weijun Wang and
               Tobias Weyand and
               Marco Andreetto and
               Hartwig Adam},
  title     = {MobileNets: Efficient Convolutional Neural Networks for Mobile Vision
               Applications},
  journal   = {CoRR},
  volume    = {abs/1704.04861},
  year      = {2017},
  url       = {http://arxiv.org/abs/1704.04861},
  archivePrefix = {arXiv},
  eprint    = {1704.04861},
  timestamp = {Mon, 13 Aug 2018 16:46:35 +0200},
  biburl    = {https://dblp.org/rec/journals/corr/HowardZCKWWAA17.bib},
  bibsource = {dblp computer science bibliography, https://dblp.org}
}

@article{mobilenetv2,
  author    = {Mark Sandler and
               Andrew G. Howard and
               Menglong Zhu and
               Andrey Zhmoginov and
               Liang{-}Chieh Chen},
  title     = {Inverted Residuals and Linear Bottlenecks: Mobile Networks for Classification,
               Detection and Segmentation},
  journal   = {CoRR},
  volume    = {abs/1801.04381},
  year      = {2018},
  url       = {http://arxiv.org/abs/1801.04381},
  archivePrefix = {arXiv},
  eprint    = {1801.04381},
  timestamp = {Mon, 13 Aug 2018 16:48:30 +0200},
  biburl    = {https://dblp.org/rec/journals/corr/abs-1801-04381.bib},
  bibsource = {dblp computer science bibliography, https://dblp.org}
}

@article{feature-pooling,
  author    = {Joe Yue{-}Hei Ng and
               Matthew J. Hausknecht and
               Sudheendra Vijayanarasimhan and
               Oriol Vinyals and
               Rajat Monga and
               George Toderici},
  title     = {Beyond Short Snippets: Deep Networks for Video Classification},
  journal   = {CoRR},
  volume    = {abs/1503.08909},
  year      = {2015},
  url       = {http://arxiv.org/abs/1503.08909},
  archivePrefix = {arXiv},
  eprint    = {1503.08909},
  timestamp = {Mon, 13 Aug 2018 16:46:23 +0200},
  biburl    = {https://dblp.org/rec/journals/corr/NgHVVMT15.bib},
  bibsource = {dblp computer science bibliography, https://dblp.org}
}

@article{slow-fast,
  author    = {Christoph Feichtenhofer and
               Haoqi Fan and
               Jitendra Malik and
               Kaiming He},
  title     = {SlowFast Networks for Video Recognition},
  journal   = {CoRR},
  volume    = {abs/1812.03982},
  year      = {2018},
  url       = {http://arxiv.org/abs/1812.03982},
  archivePrefix = {arXiv},
  eprint    = {1812.03982},
  timestamp = {Mon, 29 Apr 2019 07:40:56 +0200},
  biburl    = {https://dblp.org/rec/journals/corr/abs-1812-03982.bib},
  bibsource = {dblp computer science bibliography, https://dblp.org}
}

@article{conv-article,
	author = {Shafkat, Irhum},
	title = {{Intuitively Understanding Convolutions for Deep Learning}},
	journal = {Medium},
	year = {2018},
	month = {Jun},
	publisher = {Towards Data Science},
	url = {https://towardsdatascience.com/intuitively-understanding-convolutions-for-deep-learning-1f6f42faee1}
}

@article{humans,
  author    = {Samuel F. Dodge and
               Lina J. Karam},
  title     = {A Study and Comparison of Human and Deep Learning Recognition Performance
               Under Visual Distortions},
  journal   = {CoRR},
  volume    = {abs/1705.02498},
  year      = {2017},
  url       = {http://arxiv.org/abs/1705.02498},
  archivePrefix = {arXiv},
  eprint    = {1705.02498},
  timestamp = {Mon, 13 Aug 2018 16:47:03 +0200},
  biburl    = {https://dblp.org/rec/journals/corr/DodgeK17b.bib},
  bibsource = {dblp computer science bibliography, https://dblp.org}
}

@InProceedings{Oquab_2014_CVPR,
author = {Oquab, Maxime and Bottou, Leon and Laptev, Ivan and Sivic, Josef},
title = {Learning and Transferring Mid-Level Image Representations using Convolutional Neural Networks},
booktitle = {The IEEE Conference on Computer Vision and Pattern Recognition (CVPR)},
month = {June},
year = {2014}
}

@InProceedings{saric20cvpr,
author = {Saric, Josip and Orsic, Marin and Antunovic, Tonci and Vrazic, Sacha and Segvic, Sinisa},
title = {Warp to the Future: Joint Forecasting of Features and Feature Motion},
booktitle = {CVPR},
month = {June},
year = {2020}
}

@book{Goodfellow-et-al-2016,
    title={Deep Learning},
    author={Ian Goodfellow and Yoshua Bengio and Aaron Courville},
    publisher={MIT Press},
    note={\url{http://www.deeplearningbook.org}},
    year={2016}
}

@inproceedings{orsic19cvpr,
  author    = {Marin Orsic and
               Ivan Kreso and
               Petra Bevandic and
               Sinisa Segvic},
  title     = {In Defense of Pre-Trained ImageNet Architectures for Real-Time Semantic
               Segmentation of Road-Driving Images},
  booktitle = {CVPR},
  year      = {2019},
}

@INPROCEEDINGS{6909619,

  author={A. {Karpathy} and G. {Toderici} and S. {Shetty} and T. {Leung} and R. {Sukthankar} and L. {Fei-Fei}},

  booktitle={2014 IEEE Conference on Computer Vision and Pattern Recognition}, 

  title={Large-Scale Video Classification with Convolutional Neural Networks}, 

  year={2014},

  volume={},

  number={},

  pages={1725-1732},}

@incollection{NIPS2018_7875,
title = {Visualizing the Loss Landscape of Neural Nets},
author = {Li, Hao and Xu, Zheng and Taylor, Gavin and Studer, Christoph and Goldstein, Tom},
booktitle = {Advances in Neural Information Processing Systems 31},
editor = {S. Bengio and H. Wallach and H. Larochelle and K. Grauman and N. Cesa-Bianchi and R. Garnett},
pages = {6389--6399},
year = {2018},
publisher = {Curran Associates, Inc.},
url = {http://papers.nips.cc/paper/7875-visualizing-the-loss-landscape-of-neural-nets.pdf}
}

@incollection{NIPS2018_7515,
title = {How Does Batch Normalization Help Optimization?},
author = {Santurkar, Shibani and Tsipras, Dimitris and Ilyas, Andrew and Madry, Aleksander},
booktitle = {Advances in Neural Information Processing Systems 31},
editor = {S. Bengio and H. Wallach and H. Larochelle and K. Grauman and N. Cesa-Bianchi and R. Garnett},
pages = {2483--2493},
year = {2018},
publisher = {Curran Associates, Inc.},
url = {http://papers.nips.cc/paper/7515-how-does-batch-normalization-help-optimization.pdf}
}

